<record><leader>00000cas a22000007a 4500</leader><controlfield tag="001">16310120</controlfield><controlfield tag="008">870728d18701872inucr ne      0    0eng d</controlfield><datafield ind1=" " ind2=" " tag="010"><subfield code="a">sn 87056533 </subfield></datafield><datafield ind1=" " ind2=" " tag="040"><subfield code="a">NPI</subfield><subfield code="b">eng</subfield><subfield code="c">NPI</subfield><subfield code="d">OCLCQ</subfield></datafield><datafield ind1=" " ind2=" " tag="042"><subfield code="a">msc</subfield></datafield><datafield ind1="0" ind2=" " tag="130"><subfield code="a">Indiana American (Indianapolis, Ind.)</subfield></datafield><datafield ind1="1" ind2="0" tag="245"><subfield code="a">Indiana American.</subfield></datafield><datafield ind1=" " ind2=" " tag="260"><subfield code="a">Indianapolis, Ind. :</subfield><subfield code="b">L.G. Dynes,</subfield><subfield code="c">1870-1872.</subfield></datafield><datafield ind1=" " ind2=" " tag="310"><subfield code="a">Semiweekly</subfield></datafield><datafield ind1="0" ind2=" " tag="362"><subfield code="a">Vol. 33, no. 1 (Aug. 17, 1870)-v. 34, no. 38 (May 25, 1872).</subfield></datafield><datafield ind1=" " ind2=" " tag="500"><subfield code="a">"T.A. Goodwin, ed. and proprietor."</subfield></datafield><datafield ind1=" " ind2=" " tag="515"><subfield code="a">Numbering based on earlier title called: Indiana American (Brookville, Ind. : 1833), 1833-1861.</subfield></datafield><datafield ind1=" " ind2=" " tag="515"><subfield code="a">Wed. and Sat. issues of each week have same number with Wed. issue called: "weekly" and Sat. issue called "supplement."</subfield></datafield><datafield ind1=" " ind2=" " tag="752"><subfield code="a">United States</subfield><subfield code="b">Indiana</subfield><subfield code="c">Marion</subfield><subfield code="d">Indianapolis.</subfield></datafield></record>